<?xml version="1.0" encoding="UTF-8"?><collection xmlns="http://www.loc.gov/MARC21/slim"><record><leader>00382nam--2200145-i-4500</leader><controlfield tag="001">000041248</controlfield><controlfield tag="002">20161230</controlfield><controlfield tag="005">20161230201043</controlfield><controlfield tag="008">060222s1000------------r-----000-0-eng-d</controlfield><datafield ind1=" " ind2=" " tag="080"><subfield code="a">541.144.7</subfield></datafield><datafield ind1=" " ind2=" " tag="100"><subfield code="a">Seifert, Kurt</subfield></datafield><datafield ind1=" " ind2=" " tag="245"><subfield code="a">Uber die privarvorgange bei der photoreduction von chinon duch chorophyll</subfield></datafield><datafield ind1=" " ind2=" " tag="260"><subfield code="a">Berlin, Univ., 1968, 79p</subfield></datafield><datafield ind1=" " ind2=" " tag="490"><subfield code="a">Dissert</subfield></datafield><datafield ind1=" " ind2=" " tag="852"><subfield code="a">30825</subfield></datafield></record></collection>